<record><leader>00000cas a22000007a 4500</leader><controlfield tag="001">20818451</controlfield><controlfield tag="008">891226d1917192unduwr ne      0    0eng d</controlfield><datafield ind1=" " ind2=" " tag="010"><subfield code="a">sn 89074429 </subfield></datafield><datafield ind1=" " ind2=" " tag="040"><subfield code="a">NOP</subfield><subfield code="b">eng</subfield><subfield code="c">NOP</subfield><subfield code="d">OCLCQ</subfield></datafield><datafield ind1=" " ind2=" " tag="042"><subfield code="a">msc</subfield></datafield><datafield ind1="0" ind2=" " tag="130"><subfield code="a">Arthur news (Arthur, N.D. : 1917)</subfield></datafield><datafield ind1="1" ind2="4" tag="245"><subfield code="a">The Arthur news.</subfield></datafield><datafield ind1=" " ind2=" " tag="260"><subfield code="a">Arthur, N.D. :</subfield><subfield code="b">Robert W. Muir</subfield></datafield><datafield ind1=" " ind2=" " tag="300"><subfield code="a">v. :</subfield><subfield code="b">ill. ;</subfield><subfield code="c">48 cm.</subfield></datafield><datafield ind1=" " ind2=" " tag="310"><subfield code="a">Weekly</subfield></datafield><datafield ind1="1" ind2=" " tag="362"><subfield code="a">Began June 1917.</subfield></datafield><datafield ind1=" " ind2=" " tag="500"><subfield code="a">Publisher's block lists Hunter, N.D. as place of publication, July 27, 1917-Mar. 7, 1919.</subfield></datafield><datafield ind1=" " ind2=" " tag="515"><subfield code="a">Vol. 6, no. 8 (June 24, 1921)-v. 8, no. 8 (June 22, 1923) misnumbered v. 5, no. 5-v. 7, no. 5.</subfield></datafield><datafield ind1=" " ind2=" " tag="530"><subfield code="a">Available on microfilm from the State Historical Society of North Dakota.</subfield></datafield><datafield ind1=" " ind2=" " tag="588"><subfield code="a">Description based on: Vol. 1, no. 10 (July 27, 1917).</subfield></datafield><datafield ind1=" " ind2=" " tag="752"><subfield code="a">United States</subfield><subfield code="b">North Dakota</subfield><subfield code="c">Cass</subfield><subfield code="d">Hunter.</subfield></datafield><datafield ind1=" " ind2=" " tag="752"><subfield code="a">United States</subfield><subfield code="b">North Dakota</subfield><subfield code="c">Cass</subfield><subfield code="d">Arthur.</subfield></datafield></record>